{
    @INPROCEEDINGS{Lategahn13,  author={Lategahn, Henning and Schreiber, Markus and Ziegler, Julius and Stiller, Christoph},  booktitle={2013 IEEE Intelligent Vehicles Symposium (IV)},   title={Urban localization with camera and inertial measurement unit},   year={2013},  volume={},  number={},  pages={719-724},  doi={10.1109/IVS.2013.6629552}}
    ,

        @INPROCEEDINGS{Obst12,  author={Obst, Marcus and Bauer, Sven and Wanielik, Gerd},  booktitle={Proceedings of the 2012 IEEE/ION Position, Location and Navigation Symposium},   title={Urban multipath detection and mitigation with dynamic 3D maps for reliable land vehicle localization},   year={2012},  volume={},  number={},  pages={685-691},  doi={10.1109/PLANS.2012.6236944}}
    ,

        @article{Yuan20,
            title = {GPS multipath and NLOS mitigation for relative positioning in urban environments},
            journal = {Aerospace Science and Technology},
            volume = {107},
            pages = {106315},
            year = {2020},
            issn = {1270-9638},
            doi = {https://doi.org/10.1016/j.ast.2020.106315},
            url = {https://www.sciencedirect.com/science/article/pii/S1270963820309974},
            author = {Yue Yuan and Feng Shen and Xinda Li},
        }
    ,

        @article{Witte05,
            title = {Accuracy of WAAS-enabled GPS for the determination of position and speed over ground},
            journal = {Journal of Biomechanics},
            volume = {38},
            number = {8},
            pages = {1717-1722},
            year = {2005},
            issn = {0021-9290},
            doi = {https://doi.org/10.1016/j.jbiomech.2004.07.028},
            url = {https://www.sciencedirect.com/science/article/pii/S0021929004003689},
            author = {T.H. Witte and A.M. Wilson},
        }
    ,
        @article{Crouch17,
  title={Riding against the wind: a review of competition cycling aerodynamics},
  author={Crouch, Timothy N and Burton, David and LaBry, Zach A and Blair, Kim B},
  journal={Sports Engineering},
  volume={20},
  number={2},
  pages={81--110},
  year={2017},
  publisher={Springer}
}

}
